@article{Cardelli:1996:TS:234313.234418,
 author = {Cardelli, Luca},
 title = {Type Systems},
 journal = {ACM Comput. Surv.},
 issue_date = {March 1996},
 volume = {28},
 number = {1},
 month = mar,
 year = {1996},
 issn = {0360-0300},
 pages = {263--264},
 numpages = {2},
 url = {http://doi.acm.org/10.1145/234313.234418},
 doi = {10.1145/234313.234418},
 acmid = {234418},
 publisher = {ACM},
 address = {New York, NY, USA},
}
